%     url = {https://doi.org/10.1122/8.0000517},
@article{PRR23,
    author = {Pincus, I. and Rodger, A. and Ravi Prakash, J.},
    title = {Dilute polymer solutions under shear flow: {C}omprehensive qualitative analysis using a bead-spring chain model with a {FENE}-Fraenkel spring},
    journal = {Journal of Rheology},
    volume = {67},
    number = {2},
    pages = {373-402},
    year = {2023},
}

@book{ESW16,
 author = {Evans, D. J. and Searles, D. J. and Williams, S. R.},
 address = {Weinheim},
 publisher = {Wiley},
 title = {Fundamentals of Classical Statistical Thermodynamics: Dissipation, Relaxation and Fluctuation Theorems},
 year = {2016},
}

% url = {https://doi.org/10.1063/1.2364899},
@article{PM06,
    author = {Pan, G. and McCabe, C.},
    title = {Prediction of viscosity for molecular fluids at experimentally accessible shear rates using the transient time correlation function formalism},
    journal = {The Journal of Chemical Physics},
    volume = {125},
    number = {19},
    pages = {194527},
    year = {2006},
}

% url = {https://doi.org/10.1063/1.4746121},
@article{BBSE12,
    author = {Bernardi, S. and Brookes, S. J. and Searles, D. J. and Evans, D. J.},
    title = {Response theory for confined systems},
    journal = {The Journal of Chemical Physics},
    volume = {137},
    number = {7},
    pages = {074114},
    year = {2012},
}

% URL = {https://doi.org/10.1080/08927022.2015.1049174}
@article{BS16,
  author = {S. Bernardi and D. J. Searles},
  title = {Local response in nanopores},
  journal = {Molecular Simulation},
  volume = {42},
  number = {6-7},
  pages = {463--473},
  year = {2016},
}


@article{Dhar08,
Author = {Dhar, A.},
Title = {{Heat transport in low-dimensional systems}},
Journal = {Adv. Phys.},
Year = {{2008}},
Volume = {{57}},
Number = {{5}},
Pages = {{457-537}},
}

@article{LLP03, 
 Author = {Lepri, S. and Livi, R. and Politi, A.},
Title = {{Thermal conduction in classical low-dimensional lattices}},
Journal = {Phys. Rep.},
Year = {{2003}},
Volume = {{377}},
Number = {{1}},
Pages = {{1-80}},
}

@Incollection{ILLPP19,
  author = 	 {S. Iubini and S. Lepri and R. Livi and A. Politi and P. Politi},
  editor = 	 {P. Kevrekidis and J. Cuevas-Maraver and Saxena A.},
  booktitle = 	 {Emerging Frontiers in Nonlinear Science},
  title = 	 {Nonequilibrium Phenomena in Nonlinear Lattices: From Slow Relaxation to Anomalous Transport},
  publisher = 	 {Springer},
  address = {Cham},
  year = 	 {2020},
  volume = 	 {32},
  series = 	 {Nonlinear Systems and Complexity},
  pages = 	 {185-203},
}

% doi = {https://doi.org/10.1016/j.cpc.2024.109205},
@article{MESVDDT24,
 author = {L. Maffioli and J. P. Ewen and E. R. Smith and S. Varghese and P. J. Daivis and D. Dini and B. D. Todd},
 title = {{TTCF4LAMMPS}: {A} toolkit for simulation of the non-equilibrium behaviour of molecular fluids at experimentally accessible shear rates},
 journal = {Computer Physics Communications},
 volume = {300},
 pages = {109205},
 year = {2024},
}

% doi = {10.1063/5.0088127},
@article{MSEDDT22,
    author = {Maffioli, L. and Smith, E. R. and Ewen, J. P. and Daivis, P. J. and Dini, D. and Todd, B. D.},
    title = {Slip and stress from low shear rate nonequilibrium molecular dynamics: {T}he transient-time correlation function technique},
    journal = {The Journal of Chemical Physics},
    volume = {156},
    number = {18},
    pages = {184111},
    year = {2022},
}

% doi = {10.1103/PhysRevB.72.172201},
@article{DC05,
  title = {Simulation of friction in nanoconfined fluids for an arbitrarily low shear rate},
  author = {Delhommelle, J. and Cummings, P. T.},
  journal = {Phys. Rev. B},
  volume = {72},
  issue = {17},
  pages = {172201},
  year = {2005},
}

@article{PSSV24,
 title = "Neural network approaches for variance reduction in fluctuation formulas",
 author = "G. A. Pavliotis and R. Spacek and G. Stoltz and U. Vaes",
 journal = "arXiv preprint",
 volume = "2410.00278",
 year = "2024"
}

% 	DOI = {10.1051/m2an/2020050},
@article{plechac_nemd,
 author = {P. Plechac and G. Stoltz and T. Wang},
 title = {Convergence of the likelihood ratio method for linear response of non-equilibrium stationary states},
 journal = {ESAIM:M2AN},
 year = {2021},
 volume = {55},
 pages = {S593-S623},
}

@Book{allen2017,
  author    = {M. P. Allen and D. J. Tildesley},
  publisher = {Oxford University Press},
  title     = {Computer Simulation of Liquids},
  year      = {2017},
  address   = {Oxford},
  isbn      = {9780198803195},
  doi       = {10.1093/oso/9780198803195.001.0001},
}

@Article{arya2000,
  author  = {Arya, Gaurav and Maginn, Edward J. and Chang, Hsueh-Chia},
  journal = {The Journal of Chemical Physics},
  title   = {Efficient viscosity estimation from molecular dynamics simulation via momentum impulse relaxation},
  year    = {2000},
  issn    = {0021-9606},
  month   = {08},
  number  = {6},
  pages   = {2079-2087},
  volume  = {113},
  doi     = {10.1063/1.482019},
}

@Article{assaraf2017,
  author    = {Assaraf, Roland and Jourdain, Benjamin and Leli\`evre, Tony and Roux, Rapha\"el},
  journal   = {Stochastics and Partial Differential Equations: Analysis and Computations},
  title     = {Computation of sensitivities for the invariant measure of a parameter dependent diffusion},
  year      = {2017},
  issn      = {2194-041X},
  month     = {10},
  number    = {2},
  pages     = {125-183},
  volume    = {6},
  doi       = {10.1007/s40072-017-0105-6},
  publisher = {Springer Science and Business Media LLC},
}

@Article{blassel2024,
  author  = {Blassel, N. and Stoltz, G.},
  journal = {Journal of Statistical Physics},
  title   = {Fixing the Flux: A Dual Approach to Computing Transport Coefficients},
  year    = {2024},
  month   = {01},
  volume  = {191},
  doi     = {10.1007/s10955-024-03230-x},
}

@misc{chak2024,
      title={Reflection coupling for unadjusted generalized {H}amiltonian {M}onte {C}arlo in the nonconvex stochastic gradient case}, 
      author={Martin Chak and Pierre Monmarch\'e},
      year={2024},
      eprint={2310.18774},
      archivePrefix={arXiv},
      primaryClass={math.PR},
      url={https://arxiv.org/abs/2310.18774}, 
}

@book{chandler1987,
  title={Introduction to Modern Statistical Mechanics},
  author={Chandler, D.},
  isbn={9780195042771},
  lccn={lc88027824},
  year={1987},
  publisher={Oxford University Press},
  address = {Oxford}
}

@Article{ciccotti1975,
  author    = {Ciccotti, G. and Jacucci, G.},
  journal   = {Phys. Rev. Lett.},
  title     = {Direct Computation of Dynamical Response by Molecular Dynamics: {T}he Mobility of a Charged {L}ennard--{J}ones Particle},
  year      = {1975},
  month     = {Sep},
  number    = {12},
  pages     = {789--792},
  volume    = {35},
  numpages  = {0},
  publisher = {American Physical Society},
  doi       = {10.1103/PhysRevLett.35.789},
}

@Article{ciccotti1979,
  author  = {Ciccotti, Giovanni and Jacucci, Gianni and McDonald, I.},
  journal = {Journal of Statistical Physics},
  title   = {Thought-Experiments by Molecular Dynamics},
  year    = {1979},
  month   = {01},
  pages   = {1-22},
  volume  = {21},
  doi     = {10.1007/BF01011477},
}

@Misc{darshan2024,
  author        = {Shiva Darshan and Andreas Eberle and Gabriel Stoltz},
  title         = {Sticky coupling as a control variate for sensitivity analysis},
  year          = {2024},
  archiveprefix = {arXiv},
  eprint        = {2409.15500},
  primaryclass  = {math.PR},
  url           = {https://arxiv.org/abs/2409.15500},
}

@Article{sousaoliveira2017,
  author    = {L. de Sousa Oliveira and A. Greaney},
  journal   = {Phys. Rev. E},
  title     = {Method to manage integration error in the {G}reen--{K}ubo method},
  year      = {2017},
  month     = {Feb},
  number    = {2},
  pages     = {023308},
  volume    = {95},
  doi       = {10.1103/PhysRevE.95.023308},
  numpages  = {11},
  publisher = {American Physical Society},
}

@Article{evans1988,
  author    = {Evans, Denis J. and Morriss, Gary P.},
  journal   = {Phys. Rev. A},
  title     = {Transient-time-correlation functions and the rheology of fluids},
  year      = {1988},
  number    = {8},
  pages     = {4142--4148},
  volume    = {38},
  doi       = {10.1103/PhysRevA.38.4142},
  numpages  = {0},
  publisher = {American Physical Society},
}

@article{garnier2022,
author = {Garnier, Josselin and Mertz, Laurent},
title = {A Control Variate Method Driven by Diffusion Approximation},
journal = {Communications on Pure and Applied Mathematics},
volume = {75},
number = {3},
pages = {455-492},
doi = {https://doi.org/10.1002/cpa.21976},
year = {2022}
}

@Unpublished{gastaldello2024,
  author = {R. Gastaldello and G. Stoltz and U. Vaes},
  note   = {In preparation},
  title  = {Dynamical reweighting for estimation of fluctuation formulas},
  year   = {2024},
}

@article{goodman2009,
author = {Jonathan B. Goodman and Kevin K. Lin},
title = {Coupling control variates for {M}arkov chain {M}onte {C}arlo},
journal = {Journal of Computational Physics},
volume = {228},
number = {19},
pages = {7127-7136},
year = {2009},
issn = {0021-9991},
doi = {https://doi.org/10.1016/j.jcp.2009.03.043},
}

@Article{green1954,
  author  = {M. S. Green},
  journal = {The Journal of Chemical Physics},
  title   = {Markoff Random Processes and the Statistical Mechanics of Time-Dependent Phenomena. {II}. {I}rreversible Processes in Fluids},
  year    = {1954},
  number  = {3},
  pages   = {398-413},
  volume  = {22},
  doi     = {10.1063/1.1740082},
}

@article{greener2024,
    author = {Greener, Joe G.},
    title = {Differentiable simulation to develop molecular dynamics force fields for disordered proteins},
    journal = {Chemical Science},
    year = {2024},
    volume = {15},
    pages = {4897-4909},
    doi = {https://doi.org/10.1039/D3SC05230C},
}

@InProceedings{hairer2011,
  author    = {Hairer, Martin and Mattingly, Jonathan C.},
  booktitle = {Seminar on Stochastic Analysis, Random Fields and Applications VI},
  title     = {Yet Another Look at {H}arris' Ergodic Theorem for {M}arkov Chains},
  year      = {2011},
  address   = {Basel},
  editor    = {Dalang, Robert and Dozzi, Marco and Russo, Francesco},
  pages     = {109--117},
  publisher = {Springer Basel},
  isbn      = {978-3-0348-0021-1},
}

@article{hulse2005,
  doi = {10.1007/s10765-005-2349-z},
  year = {2005},
  month = jan,
  publisher = {Springer Science and Business Media {LLC}},
  volume = {26},
  number = {1},
  pages = {1--12},
  author = {R. J. Hulse and R. L. Rowley and W. V. Wilding},
  title = {Transient Nonequilibrium Molecular Dynamic Simulations of Thermal Conductivity: 1. {S}imple Fluids},
  journal = {International Journal of Thermophysics}
}

@article{joubaud2012,
author = {Joubaud, R\'{e}mi and Stoltz, Gabriel},
title = {Nonequilibrium Shear Viscosity Computations with {L}angevin Dynamics},
journal = {Multiscale Modeling \& Simulation},
volume = {10},
number = {1},
pages = {191-216},
year = {2012},
doi = {10.1137/110836237}
}

@article{kliemann1987,
author = {W. Kliemann},
title = {Recurrence and Invariant Measures for Degenerate Diffusions},
volume = {15},
journal = {The Annals of Probability},
number = {2},
publisher = {Institute of Mathematical Statistics},
pages = {690--707},
year = {1987},
doi = {10.1214/aop/1176992166},
}

@Article{kopec2015,
  author  = {Kopec, Marie},
  journal = {BIT Numerical Mathematics},
  title   = {Weak backward error analysis for {L}angevin process},
  year    = {2015},
  month   = {12},
  pages   = {1057-1103},
  volume  = {55},
  doi     = {10.1007/s10543-015-0546-0},
}

@Article{kopec2014,
  author  = {M. Kopec},
  journal = {IMA Journal of Numerical Analysis},
  title   = {Weak backward error analysis for overdamped {L}angevin processes},
  year    = {2014},
  issn    = {0272-4979},
  month   = {05},
  number  = {2},
  pages   = {583-614},
  volume  = {35},
  doi     = {10.1093/imanum/dru016},
}

@Article{kubo1957,
  author  = {R. Kubo},
  journal = {Journal of the Physical Society of Japan},
  title   = {Statistical-Mechanical Theory of Irreversible Processes. {I}. {G}eneral Theory and Simple Applications to Magnetic and Conduction Problems},
  year    = {1957},
  number  = {6},
  pages   = {570-586},
  volume  = {12},
  doi     = {10.1143/JPSJ.12.570},
}

@Article{lampin2013,
  author  = {Lampin, E. and Palla, P. L. and Francioso, P.-A. and Cleri, F.},
  journal = {Journal of Applied Physics},
  title   = {Thermal conductivity from approach-to-equilibrium molecular dynamics},
  year    = {2013},
  issn    = {0021-8979},
  number  = {3},
  pages   = {033525},
  volume  = {114},
  doi     = {10.1063/1.4815945},
}

@Article{leimkuhler2013,
  author  = {Leimkuhler, Benedict and Matthews, Charles},
  journal = {Applied Mathematics Research eXpress},
  title   = {Rational Construction of Stochastic Numerical Methods for Molecular Sampling},
  year    = {2013},
  issn    = {1687-1200},
  number  = {1},
  pages   = {34-56},
  volume  = {2013},
  doi     = {10.1093/amrx/abs010},
}

@Book{leimkuhler2015,
  author    = {B. Leimkuhler and C. Matthews},
  publisher = {Springer},
  title     = {Molecular Dynamics: With Deterministic and Stochastic Numerical Methods},
  address   = {New York},
  year      = {2015},
  doi       = {10.1007/978-3-319-16375-8},
}

@Article{leimkuhler2016,
  author  = {Leimkuhler, Benedict and Matthews, Charles and Stoltz, Gabriel},
  journal = {IMA Journal of Numerical Analysis},
  title   = {The computation of averages from equilibrium and nonequilibrium {L}angevin molecular dynamics},
  year    = {2016},
  month   = {01},
  number  = {1},
  pages   = {13-79},
  volume  = {36},
  doi     = {10.1093/imanum/dru056},
}

@Article{lelievre2016,
  author    = {T. Leli\`evre and G. Stoltz},
  journal   = {Acta Numerica},
  title     = {Partial differential equations and stochastic methods in molecular dynamics},
  year      = {2016},
  pages     = {681-880},
  volume    = {25},
  publisher = {Cambridge University Press},
  doi       = {10.1017/S0962492916000039},
}

@article{mattingly2002,
title = {Ergodicity for {SDE}s and approximations: {L}ocally {L}ipschitz vector fields and degenerate noise},
journal = {Stochastic Processes and their Applications},
volume = {101},
number = {2},
pages = {185-232},
year = {2002},
issn = {0304-4149},
author = {J.C. Mattingly and A.M. Stuart and D.J. Higham},
doi = {https://doi.org/10.1016/S0304-4149(02)00150-3},
}

@Article{monmarche2023,
  author  = {Monmarch\'e, Pierre},
  journal = {Annales Henri Lebesgue},
  title   = {Wasserstein contraction and {P}oincar\'e inequalities for elliptic diffusions with high diffusivity},
  year    = {2023},
  month   = {12},
  pages   = {941-973},
  volume  = {6},
  doi     = {10.5802/ahl.182},
}

@Article{morriss1987,
  author    = {Morriss, Gary P. and Evans, Denis J.},
  journal   = {Phys. Rev. A},
  title     = {Application of transient correlation functions to shear flow far from equilibrium},
  year      = {1987},
  number    = {2},
  pages     = {792--797},
  volume    = {35},
  doi       = {10.1103/PhysRevA.35.792},
  numpages  = {0},
  publisher = {American Physical Society},
}

@TechReport{mountain2004,
  author  = {Raymond Mountain},
  title   = {Transport coefficients and molecular dynamics: alternatives},
  year    = {2004},
  address = {Gaithersburg, MD},
  number  = {7170},
  type    = {NISTIR},
  doi     = {https://doi.org/10.6028/NIST.IR.7170},
  school  = {National Institute of Standards and Technology},
}

@Article{pavliotis2023,
  author  = {Pavliotis, Grigorios A. and Stoltz, Gabriel and Vaes, Urbain},
  journal = {Multiscale Modeling \& Simulation},
  title   = {Mobility Estimation for {L}angevin Dynamics Using Control Variates},
  year    = {2023},
  number  = {2},
  pages   = {680-715},
  volume  = {21},
  doi     = {10.1137/22M1504378},
}

@Article{plechac2022,
  author  = {P. Plechac and G. Stoltz and T. Wang},
  journal = {IMA Journal of Numerical Analysis},
  title   = {Martingale product estimators for sensitivity analysis in computational statistical physics},
  year    = {2022},
  issn    = {0272-4979},
  month   = {12},
  number  = {6},
  pages   = {3430-3477},
  volume  = {43},
  doi     = {10.1093/imanum/drac073},
}

@InCollection{reybellet2006,
  author    = {Rey-Bellet, L.},
  booktitle = {Open Quantum Systems II},
  publisher = {Springer},
  address   = {Berlin},
  title     = {Ergodic Properties of {M}arkov Processes},
  year      = {2006},
  editor    = {Attal, S. and Joye, A. and Pillet, C.-A.},
  pages     = {1-39},
  series    = {Lecture Notes in Mathematics},
  volume    = {1881},
  doi       = {10.1007/3-540-33966-3_1},
}

@Article{spacek2023,
  author  = {Spacek, Renato and Stoltz, Gabriel},
  journal = {Multiscale Modeling \& Simulation},
  title   = {Extending the regime of linear response with synthetic forcings},
  year    = {2023},
  month   = {11},
  number  = {4},
  pages   = {1602-1643},
  volume  = {21},
  doi     = {10.1137/23M1557611},
}

@InProceedings{stoltz2024,
  author    = {G. Stoltz},
  booktitle = {Monte Carlo and Quasi-Monte Carlo Methods (MCQMC 2022)},
  title     = {Error estimates and variance reduction for nonequilibrium stochastic dynamics},
  year      = {2024},
  editor    = {A. Hinrichs and P. Kritzer and F. Pillichshammer},
  pages     = {163--187},
  series    = {Springer Proceedings in Mathematics \& Statistics},
  volume    = {460},
}

@article{talay2002,
author = {Talay, D.},
year = {2002},
month = {01},
pages = {163-198},
title = {Stochastic {H}amiltonian Systems: Exponential Convergence to the Invariant Measure, and Discretization by the Implicit {E}uler Scheme},
volume = {8},
journal = {Markov Processes and Related Fields}
}

@Article{todd2007,
  author  = {Todd, Billy and Daivis, Peter},
  journal = {Molecular Simulation},
  title   = {Homogeneous non-equilibrium molecular dynamics simulations of viscous flow: Techniques and applications},
  year    = {2007},
  month   = {03},
  pages   = {189--229},
  volume  = {33},
  doi     = {10.1080/08927020601026629},
}

@Book{tuckerman2010,
  author    = {M. Tuckerman},
  publisher = {OUP Oxford},
  title     = {Statistical Mechanics: Theory and Molecular Simulation},
  address   = {Oxford},
  year      = {2010},
  isbn      = {9780191523465},
  series    = {Oxford Graduate Texts},
  lccn      = {2010278327},
}

@Book{villani2021,
  author    = {Villani, C.},
  publisher = {American Mathematical Society},
  title     = {Topics in Optimal Transportation},
  year      = {2021},
  isbn      = {9781470467265},
  series    = {Graduate Studies in Mathematics},
  lccn      = {2003040350},
}

@Article{guillin2012,
  author  = {Arnaud Guillin and Feng-Yu Wang},
  journal = {Journal of Differential Equations},
  title   = {Degenerate {F}okker–{P}lanck equations: {B}ismut formula, gradient estimate and {H}arnack inequality},
  year    = {2012},
  issn    = {0022-0396},
  number  = {1},
  pages   = {20-40},
  volume  = {253},
  doi     = {https://doi.org/10.1016/j.jde.2012.03.014},
}

@Article{monmarche2024,
  author    = {Pierre Monmarch{\'e}},
  journal   = {The Annals of Applied Probability},
  title     = {{An entropic approach for Hamiltonian Monte Carlo: The idealized case}},
  year      = {2024},
  number    = {2},
  pages     = {2243 -- 2293},
  volume    = {34},
  doi       = {10.1214/23-AAP2021},
  keywords  = {Langevin diffusion, modified entropy, Monte Carlo, splitting scheme},
  publisher = {Institute of Mathematical Statistics},
  url       = {https://doi.org/10.1214/23-AAP2021},
}

@InBook{ciccotti2005,
  author    = {Ciccotti, Giovanni and Kapral, Raymond and Sergi, Alessandro},
  editor    = {Yip, Sidney},
  pages     = {745--761},
  publisher = {Springer Netherlands},
  title     = {Non-Equilibrium Molecular Dynamics},
  year      = {2005},
  address   = {Dordrecht},
  isbn      = {978-1-4020-3286-8},
  booktitle = {Handbook of Materials Modeling: Methods},
  doi       = {10.1007/978-1-4020-3286-8_38},
}

@Book{evans2007,
  author    = {Evans, Denis J. and Morriss, Gary P.},
  publisher = {ANU Press},
  title     = {Statistical Mechanics of Nonequilibrium Liquids},
  year      = {2007},
  address   = {Cambridge},
  isbn      = {9781921313226},
  doi       = {10.22459/smnl.08.2007},
}

@Article{gosling1973,
  author    = {E. M. Gosling and I.R. McDonald and K. Singer},
  journal   = {Molecular Physics},
  title     = {On the calculation by molecular dynamics of the shear viscosity of a simple fluid},
  year      = {1973},
  number    = {6},
  pages     = {1475--1484},
  volume    = {26},
  doi       = {10.1080/00268977300102631},
  publisher = {Taylor & Francis},
}

%   url     = {https://doi.org/10.1063/1.1770695},
@Article{meier2004,
  author  = {Meier, K. and Laesecke, A. and Kabelac, S.},
  journal = {The Journal of Chemical Physics},
  title   = {Transport coefficients of the {L}ennard-{J}ones model fluid. {I}. {V}iscosity},
  year    = {2004},
  number  = {8},
  pages   = {3671-3687},
  volume  = {121},
  doi     = {10.1063/1.1770695},
}